@article{Shimomura-topgrp-colimit,
author = {Nobuhiko Tatsuuma and Hiroaki Shimomura and Takeshi Hirai},
title = {{On group topologies and unitary representations of inductive limits of topological groups and the case of the group of diffeomorphisms}},
volume = {38},
journal = {Journal of Mathematics of Kyoto University},
number = {3},
publisher = {Duke University Press},
pages = {551 -- 578},
year = {1998},
doi = {10.1215/kjm/1250518067},
URL = {https://doi.org/10.1215/kjm/1250518067}
}
